@article{federer1959curvature,
  title={Curvature measures},
  author={Federer, Herbert},
  journal={Transactions of the American Mathematical Society},
  volume={93},
  number={3},
  pages={418--491},
  year={1959},
  publisher={JSTOR}
}

@book{mehta2004random,
  title={Random matrices},
  author={Mehta, Madan Lal},
  volume={142},
  year={2004},
  publisher={Elsevier}
}


@book{azais2009level,
  title={Level sets and extrema of random processes and fields},
  author={Aza{\"\i}s, Jean-Marc and Wschebor, Mario},
  year={2009},
  publisher={John Wiley \& Sons}
}

@article{auffinger2013complexity,
  title={Complexity of random smooth functions on the high-dimensional sphere},
  author={Auffinger, Antonio and Arous, Gerard Ben and others},
  journal={The Annals of Probability},
  volume={41},
  number={6},
  pages={4214--4247},
  year={2013},
  publisher={Institute of Mathematical Statistics}
}


@book{milnor1963morse,
  title={Morse theory},
  author={Milnor, John Willard and Spivak, Michael and Wells, Robert and Wells, Robert},
  year={1963},
  publisher={Princeton university press}
}

@book{adler2009random,
  title={Random fields and geometry},
  author={Adler, Robert J and Taylor, Jonathan E},
  year={2009},
  publisher={Springer Science \& Business Media}
}

@article{fyodorov2007replica,
  title={Replica symmetry breaking condition exposed by random matrix calculation of landscape complexity},
  author={Fyodorov, Yan V and Williams, Ian},
  journal={Journal of Statistical Physics},
  volume={129},
  number={5-6},
  pages={1081--1116},
  year={2007},
  publisher={Springer}
}


@article{fyodorov2004complexity,
  title={Complexity of random energy landscapes, glass transition, and absolute value of the spectral determinant of random matrices},
  author={Fyodorov, Yan V},
  journal={Physical review letters},
  volume={92},
  number={24},
  pages={240601},
  year={2004},
  publisher={APS}
}


@article{auffinger2013random,
  title={Random matrices and complexity of spin glasses},
  author={Auffinger, Antonio and Arous, G{\'e}rard Ben and {\v{C}}ern{\`y}, Ji{\v{r}}{\'\i}},
  journal={Communications on Pure and Applied Mathematics},
  volume={66},
  number={2},
  pages={165--201},
  year={2013},
  publisher={Wiley Online Library}
}

@article{ros2019complex,
  title={Complex energy landscapes in spiked-tensor and simple glassy models: Ruggedness, arrangements of local minima, and phase transitions},
  author={Ros, Valentina and Arous, Gerard Ben and Biroli, Giulio and Cammarota, Chiara},
  journal={Physical Review X},
  volume={9},
  number={1},
  pages={011003},
  year={2019},
  publisher={APS}
}


@article{subag2017complexity,
  title={The complexity of spherical $ p $-spin modelsâ€”A second moment approach},
  author={Subag, Eliran and others},
  journal={The Annals of Probability},
  volume={45},
  number={5},
  pages={3385--3450},
  year={2017},
  publisher={Institute of Mathematical Statistics}
}


